<?xml version="1.0" encoding="utf-8"?>
<record xmlns="http://www.loc.gov/MARC21/slim" xmlns:xsi="http://www.w3.org/2001/XMLSchema-instance" xsi:schemaLocation="http://www.loc.gov/MARC21/slim http://www.loc.gov/standards/marcxml/schema/MARC21slim.xsd">
	<leader>     nam a22     Mi 4500</leader>
	<controlfield tag="001">5842327</controlfield>
	<controlfield tag="003">NjP</controlfield>
	<controlfield tag="006">m        d        </controlfield>
	<controlfield tag="007">cr cn |||m|||a</controlfield>
	<controlfield tag="008">210407s1870    ir      o     000 0 ara d</controlfield>
	<datafield ind1="7" ind2=" " tag="024">
		<subfield code="a">urn:nbn:de:bvb:12-bsb10980675-6</subfield>
		<subfield code="2">urn</subfield>
	</datafield>
	<datafield ind1=" " ind2=" " tag="040">
		<subfield code="a">ZYU</subfield>
		<subfield code="b">ara</subfield>
		<subfield code="e">rda</subfield>
		<subfield code="c">ZYU</subfield>
	</datafield>
	<datafield ind1="1" ind2=" " tag="100">
		<subfield code="6">880-01</subfield>
		<subfield code="a">Sibṭ ibn al-Jawzī, Yūsuf ibn Qizughlī,</subfield>
		<subfield code="d">1186 or 1187-1257.</subfield>
	</datafield>
	<datafield ind1="1" ind2="0" tag="240">
		<subfield code="6">880-02</subfield>
		<subfield code="a">Tadhkirat khawāṣṣ al-ummah fī maʻrifat al-aʼimmah</subfield>
	</datafield>
	<datafield ind1="1" ind2="0" tag="245">
		<subfield code="6">880-03</subfield>
		<subfield code="a">Hādhā kitāb Tadhkirat khawāṣṣ al-ummah fī maʻrifat al-aʼimmah /</subfield>
		<subfield code="c">taʼlīf Yūsuf Sibṭ ... Abī al-Faraj ʻAbd al-Raḥmān ibn al-Jawzī.</subfield>
	</datafield>
	<datafield ind1="1" ind2="6" tag="246">
		<subfield code="6">880-04</subfield>
		<subfield code="a">Tadhkirat khawāṣṣ al-ummah fī maʻrifat al-aʼimmah</subfield>
	</datafield>
	<datafield ind1=" " ind2=" " tag="260">
		<subfield code="6">880-05</subfield>
		<subfield code="a">[Tehrān] :</subfield>
		<subfield code="b">[publisher not identified],</subfield>
		<subfield code="c">1287 [1870]</subfield>
	</datafield>
	<datafield ind1=" " ind2=" " tag="300">
		<subfield code="a">online resource (213, 92 pages)</subfield>
	</datafield>
	<datafield ind1=" " ind2=" " tag="336">
		<subfield code="a">text</subfield>
		<subfield code="2">rdacontent</subfield>
	</datafield>
	<datafield ind1=" " ind2=" " tag="337">
		<subfield code="a">computer</subfield>
		<subfield code="2">rdamedia</subfield>
	</datafield>
	<datafield ind1=" " ind2=" " tag="338">
		<subfield code="a">online resource</subfield>
		<subfield code="2">rdacarrier</subfield>
	</datafield>
	<datafield ind1=" " ind2=" " tag="500">
		<subfield code="a">History of ʻAlī ibn Abī Ṭālib, his family, and the twelve imams. Followed (91p.) by Maṭālib al-suʼūl fī manākib āl al-Rasūl (on the same subject) byMuḥammad ibn Ṭalḥah al-ʻAdawī.</subfield>
	</datafield>
	<datafield ind1=" " ind2=" " tag="500">
		<subfield code="a">Part of the Arabic Collections Online (ACO) project, contributed by Princeton University Libraries.</subfield>
	</datafield>
	<datafield ind1=" " ind2=" " tag="533">
		<subfield code="a">Electronic reproduction.</subfield>
		<subfield code="b">New York, N.Y. :</subfield>
		<subfield code="c">New York University,</subfield>
		<subfield code="d">2021.</subfield>
		<subfield code="5">NNU</subfield>
	</datafield>
	<datafield ind1="0" ind2="0" tag="600">
		<subfield code="a">ʻAlī ibn Abī Ṭālib,</subfield>
		<subfield code="c">Caliph,</subfield>
		<subfield code="d">approximately 600-661.</subfield>
	</datafield>
	<datafield ind1="0" ind2="7" tag="600">
		<subfield code="a">ʻAlī ibn Abī Ṭālib,</subfield>
		<subfield code="c">Caliph,</subfield>
		<subfield code="d">approximately 600-661.</subfield>
		<subfield code="2">fast</subfield>
		<subfield code="0">(OCoLC)fst01804105</subfield>
	</datafield>
	<datafield ind1="0" ind2="7" tag="600">
		<subfield code="a">ʿAlī</subfield>
		<subfield code="c">Kalif</subfield>
		<subfield code="d">600-661</subfield>
		<subfield code="2">gnd</subfield>
		<subfield code="0">(DE-588)118846582</subfield>
	</datafield>
	<datafield ind1=" " ind2="0" tag="650">
		<subfield code="a">Lithographed books.</subfield>
	</datafield>
	<datafield ind1=" " ind2="7" tag="650">
		<subfield code="a">Lithographed books.</subfield>
		<subfield code="2">fast</subfield>
		<subfield code="0">(OCoLC)fst01000261</subfield>
	</datafield>
	<datafield ind1=" " ind2="7" tag="650">
		<subfield code="a">Arabisch</subfield>
		<subfield code="2">gnd</subfield>
		<subfield code="0">(DE-588)4241223-7</subfield>
	</datafield>
	<datafield ind1=" " ind2="7" tag="650">
		<subfield code="a">Buchdruck</subfield>
		<subfield code="2">gnd</subfield>
		<subfield code="0">(DE-588)4008598-3</subfield>
	</datafield>
	<datafield ind1=" " ind2="7" tag="650">
		<subfield code="a">Druckwerk</subfield>
		<subfield code="2">gnd</subfield>
		<subfield code="0">(DE-588)4013134-8</subfield>
	</datafield>
	<datafield ind1=" " ind2="7" tag="650">
		<subfield code="a">Imam</subfield>
		<subfield code="2">gnd</subfield>
		<subfield code="0">(DE-588)4296074-5</subfield>
	</datafield>
	<datafield ind1=" " ind2="7" tag="650">
		<subfield code="a">Islam</subfield>
		<subfield code="2">gnd</subfield>
		<subfield code="0">(DE-588)4027743-4</subfield>
	</datafield>
	<datafield ind1=" " ind2="7" tag="650">
		<subfield code="a">Lithografie</subfield>
		<subfield code="2">gnd</subfield>
		<subfield code="0">(DE-588)4036042-8</subfield>
	</datafield>
	<datafield ind1=" " ind2="7" tag="650">
		<subfield code="a">Schiiten</subfield>
		<subfield code="2">gnd</subfield>
		<subfield code="0">(DE-588)4052455-3</subfield>
	</datafield>
	<datafield ind1=" " ind2="7" tag="651">
		<subfield code="a">Iran</subfield>
		<subfield code="2">gnd</subfield>
		<subfield code="0">(DE-588)4027653-3</subfield>
	</datafield>
	<datafield ind1=" " ind2="7" tag="651">
		<subfield code="a">Arabisch.</subfield>
		<subfield code="0">(DE-588c)4241223-7</subfield>
		<subfield code="2">swd</subfield>
	</datafield>
	<datafield ind1=" " ind2="7" tag="648">
		<subfield code="a">Geschichte 1870.</subfield>
		<subfield code="2">swd</subfield>
	</datafield>
	<datafield ind1=" " ind2="4" tag="648">
		<subfield code="a">Geschichte 1870.</subfield>
	</datafield>
	<datafield ind1=" " ind2="4" tag="655">
		<subfield code="a">Biographie.</subfield>
	</datafield>
	<datafield ind1=" " ind2="4" tag="655">
		<subfield code="a">Quelle.</subfield>
	</datafield>
	<datafield ind1="2" ind2=" " tag="710">
		<subfield code="a">Princeton University.</subfield>
		<subfield code="b">Library.</subfield>
	</datafield>
	<datafield ind1="0" ind2=" " tag="730">
		<subfield code="a">Arabic Collections Online.</subfield>
	</datafield>
	<datafield ind1="0" ind2="8" tag="776">
		<subfield code="i">Online version:</subfield>
		<subfield code="a">Sibṭ ibn al-Jawzī, Yūsuf ibn Qizughlī, 1186 or 7-1257.</subfield>
		<subfield code="s">Tadhkirat khawāṣṣ al-ummah fī maʻrifat al-aʼimmah.</subfield>
		<subfield code="t">Hādhā kitāb Tadhkirat khawāṣṣ al-ummah fī maʻrifat al-aʼimmah.</subfield>
		<subfield code="d">[Tehran : s.n.], 1287 [1870]</subfield>
		<subfield code="w">(OCoLC)809558894</subfield>
	</datafield>
	<datafield ind1="0" ind2="8" tag="776">
		<subfield code="i">Print version:</subfield>
		<subfield code="a">Sibṭ ibn al-Jawzī, Yūsuf ibn Qizughlī, 1186 or 1187-1257.</subfield>
		<subfield code="t">Hādhā kitāb Tadhkirat khawāṣṣ al-ummah fī maʻrifat al-aʼimmah</subfield>
		<subfield code="w">(NjP)5842327</subfield>
		<subfield code="w">(OCoLC)145082186</subfield>
	</datafield>
	<datafield ind1="4" ind2=" " tag="856">
		<subfield code="u">http://www.mdz-nbn-resolving.de/urn/resolver.pl?urn=urn:nbn:de:bvb:12-bsb10980675-6</subfield>
		<subfield code="x">Resolving-System</subfield>
		<subfield code="z">kostenfrei</subfield>
		<subfield code="3">Volltext // 2012 digitalisiert von: Bayerische Staatsbibliothek, München. Exemplar mit der Signatur: München, Bayerische Staatsbibliothek -- 2 A.or. 503 d</subfield>
	</datafield>
	<datafield ind1="4" ind2="1" tag="856">
		<subfield code="u">http://mdz-nbn-resolving.de/urn:nbn:de:bvb:12-bsb10980675-6</subfield>
		<subfield code="x">Resolving-System</subfield>
		<subfield code="z">kostenfrei</subfield>
		<subfield code="3">Volltext // Exemplar mit der Signatur: München, Bayerische Staatsbibliothek -- 2 A.or. 503 d</subfield>
	</datafield>
	<datafield ind1="4" ind2="0" tag="856">
		<subfield code="u">http://hdl.handle.net/2333.1/hdr7t27t</subfield>
	</datafield>
	<datafield ind1="1" ind2=" " tag="880">
		<subfield code="6">100-01</subfield>
		<subfield code="a">سبط بن الجوزي، يوسف بن قزغلي،</subfield>
		<subfield code="d">1186 or 1187-1257.</subfield>
	</datafield>
	<datafield ind1="1" ind2="0" tag="880">
		<subfield code="6">240-02</subfield>
		<subfield code="a">تذكرة خواص الأمة في معرفة الأئمة</subfield>
	</datafield>
	<datafield ind1="1" ind2="0" tag="880">
		<subfield code="6">245-03</subfield>
		<subfield code="a">هذا كتاب تذكرة خواص الأمة في معرفة الأئمة /</subfield>
		<subfield code="c">تأليف يوسف سبط ... أبي الفرج عبد الرحمن بن الجوزي.</subfield>
	</datafield>
	<datafield ind1="3" ind2=" " tag="880">
		<subfield code="6">246-04</subfield>
		<subfield code="a">كتاب تذكرة خواص الامة بذكر خصائص الائمة</subfield>
	</datafield>
	<datafield ind1=" " ind2=" " tag="880">
		<subfield code="6">260-05</subfield>
		<subfield code="a">[تهران :</subfield>
		<subfield code="b">د.ن.]،</subfield>
		<subfield code="c">1287 [1870]</subfield>
	</datafield>
	<datafield ind1=" " ind2=" " tag="959">
		<subfield code="a">NNU</subfield>
		<subfield code="b">WEB</subfield>
		<subfield code="c">GENI</subfield>
		<subfield code="t">0</subfield>
		<subfield code="m">Electronic access</subfield>
		<subfield code="s">01</subfield>
	</datafield>
	<datafield ind1=" " ind2=" " tag="999">
		<subfield code="i">NjP_5842327</subfield>
		<subfield code="o">(OCoLC)ocn145082186</subfield>
		<subfield code="s">princeton_aco004886</subfield>
		<subfield code="e">(ERROR-MISC)</subfield>
		<subfield code="s">princeton_aco004886</subfield>
	</datafield>
</record>
